<?xml version="1.0" encoding="UTF-8"?><collection xmlns="http://www.loc.gov/MARC21/slim"><record><leader>00494nam--2200193-i-4500</leader><controlfield tag="001">000010879</controlfield><controlfield tag="002">20161230</controlfield><controlfield tag="005">20161230201029</controlfield><controlfield tag="008">060222s1000------------r-----000-0-eng-d</controlfield><datafield ind1=" " ind2=" " tag="020"><subfield code="a">0408703741</subfield></datafield><datafield ind1=" " ind2=" " tag="040"><subfield code="a">IFIN-HH</subfield></datafield><datafield ind1=" " ind2=" " tag="080"><subfield code="a">537.311.33:539.213</subfield></datafield><datafield ind1="1" ind2=" " tag="100"><subfield code="a">Adler, David</subfield></datafield><datafield ind1="1" ind2="0" tag="245"><subfield code="a">Amorphous semiconductors</subfield><subfield code="c">David adler</subfield></datafield><datafield ind1=" " ind2=" " tag="260"><subfield code="a">London</subfield><subfield code="b">Butterworths</subfield><subfield code="c">1972</subfield></datafield><datafield ind1=" " ind2=" " tag="300"><subfield code="a">148 P</subfield></datafield><datafield ind1=" " ind2=" " tag="490"><subfield code="a">Crc Monoscience Series</subfield></datafield><datafield ind1=" " ind2=" " tag="852"><subfield code="a">39868</subfield><subfield code="c">537.311.33</subfield></datafield><datafield ind1=" " ind2=" " tag="CAT"><subfield code="a">Sys</subfield><subfield code="c">20110721</subfield><subfield code="h">160338</subfield></datafield></record></collection>